<?xml version="1.0" encoding="UTF-8"?><collection xmlns="http://www.loc.gov/MARC21/slim"><record><leader>00389nam--2200133-i-4500</leader><controlfield tag="001">000025066</controlfield><controlfield tag="002">20161230</controlfield><controlfield tag="005">20161230201035</controlfield><controlfield tag="008">060222s1000------------r-----000-0-eng-d</controlfield><datafield ind1=" " ind2=" " tag="080"><subfield code="a">548.0(043)</subfield></datafield><datafield ind1=" " ind2=" " tag="100"><subfield code="a">Donnini, Jean-marie</subfield></datafield><datafield ind1=" " ind2=" " tag="245"><subfield code="a">Etude de quelques proprietes optiques et electro-optiques de cristaux aromatiques.these</subfield></datafield><datafield ind1=" " ind2=" " tag="260"><subfield code="a">Provence, L Universite, 1972. 82 P</subfield></datafield><datafield ind1=" " ind2=" " tag="852"><subfield code="a">77116</subfield></datafield></record></collection>